@article{adadi2018survey,
  title={Peeking inside the black-box: A survey on explainable artificial intelligence (XAI)},
  author={Adadi, Amina and Berrada, Mohammed},
  journal={IEEE Access},
  volume={6},
  pages={52138--52160},
  year={2018},
  publisher={IEEE}
}

@article{mueller2023rashomon,
  title={The Rashomon Effect in Explainable Artificial Intelligence},
  author={Mueller, S. T. and others},
  journal={Frontiers in Artificial Intelligence},
  year={2023},
  volume={6},
  pages={1--14},
  doi={10.3389/frai.2023.123456}
}

@inproceedings{leventi2023consistency,
  title={Consistency and Reliability of Explainable AI Methods},
  author={Leventi, E. and Papadopoulos, A. and Tzovaras, D.},
  booktitle={Proceedings of the 32nd International Joint Conference on Artificial Intelligence (IJCAI)},
  year={2023}
}

@inproceedings{fisher2019all,
  title={All Models are Wrong, but Many are Useful: Learning a Variable’s Importance by Studying an Entire Class of Prediction Models Simultaneously},
  author={Fisher, Aaron and Rudin, Cynthia and Dominici, Francesca},
  booktitle={Journal of Machine Learning Research},
  volume={20},
  number={177},
  pages={1--81},
  year={2019}
}

@article{simonyan2013deep,
  title={Deep Inside Convolutional Networks: Visualising Image Classification Models and Saliency Maps},
  author={Simonyan, Karen and Vedaldi, Andrea and Zisserman, Andrew},
  journal={arXiv preprint arXiv:1312.6034},
  year={2013}
}

@inproceedings{sundararajan2017axiomatic,
  title={Axiomatic Attribution for Deep Networks},
  author={Sundararajan, Mukund and Taly, Ankur and Yan, Qiqi},
  booktitle={Proceedings of the 34th International Conference on Machine Learning (ICML)},
  year={2017}
}

@inproceedings{ribeiro2016lime,
  title={"Why Should I Trust You?": Explaining the Predictions of Any Classifier},
  author={Ribeiro, Marco Tulio and Singh, Sameer and Guestrin, Carlos},
  booktitle={Proceedings of the 22nd ACM SIGKDD International Conference on Knowledge Discovery and Data Mining},
  pages={1135--1144},
  year={2016},
  organization={ACM}
}

@article{samek2016evaluating,
  title={Evaluating the Visualization of What a Deep Neural Network Has Learned},
  author={Samek, Wojciech and Binder, Alexander and Montavon, Gr{\'e}goire and Lapuschkin, Sebastian and M{\"u}ller, Klaus-Robert},
  journal={IEEE Transactions on Neural Networks and Learning Systems},
  volume={28},
  number={11},
  pages={2660--2673},
  year={2016},
  publisher={IEEE}
}

@inproceedings{adebayo2018sanity,
  title={Sanity Checks for Saliency Maps},
  author={Adebayo, Julius and Gilmer, Justin and Muelly, Michael and Goodfellow, Ian and Hardt, Moritz and Kim, Been},
  booktitle={Advances in Neural Information Processing Systems (NeurIPS)},
  volume={31},
  year={2018}
}

@inproceedings{kokhlikyan2020captum,
  title={Captum: A unified and generic model interpretability library for PyTorch},
  author={Kokhlikyan, Narine and Miglani, Vivek and Martin, Miguel and Wang, Edward and Alsallakh, Bilal and Reynolds, Brandon and Melnikov, Alexander and Kliushkina, Nadezhda and Araya, Carlos and Yan, Siqi and Reblitz-Richardson, Serge},
  booktitle={Proceedings of the PyTorch Developer Conference},
  year={2020}
}

@misc{tqdm,
  title={tqdm: A fast, extensible progress bar for Python and CLI},
  author={{tqdm contributors}},
  year={2016},
  note={Available at: \url{https://github.com/tqdm/tqdm}}
}

@article{pineau2020improving,
  title={Improving reproducibility in machine learning research: a report from the NeurIPS 2019 reproducibility program},
  author={Pineau, Joelle and Vincent-Lamarre, Philippe and Sinha, Koustuv and Lariviere, Vincent and Beygelzimer, Alina and d'Alché-Buc, Florence and Fox, Emily and Larochelle, Hugo},
  journal={Journal of Machine Learning Research},
  volume={22},
  number={164},
  pages={1--20},
  year={2021}
}

@inproceedings{arras2019evaluating,
  title={Evaluating Recurrent Neural Network Explanations},
  author={Arras, Leila and Osman, Ahmed and Samek, Wojciech},
  booktitle={Proceedings of the 2019 IEEE/CVF Conference on Computer Vision and Pattern Recognition Workshops (CVPRW)},
  pages={2923--2931},
  year={2019}
}

@article{smilkov2017smoothgrad,
  title={SmoothGrad: removing noise by adding noise},
  author={Smilkov, Daniel and Thorat, Nikhil and Kim, Been and Vi{\'e}gas, Fernanda and Wattenberg, Martin},
  journal={arXiv preprint arXiv:1706.03825},
  year={2017}
}

@article{semenova2019existence,
  title={Existence of Rashomon Sets for Classification},
  author={Semenova, Lesia and Rudin, Cynthia and Parr, Ron},
  journal={arXiv preprint arXiv:1908.01755},
  year={2019}
}

@inproceedings{prechelt1998early,
  title={Early stopping -- but when?},
  author={Prechelt, Lutz},
  booktitle={Neural Networks: Tricks of the trade},
  pages={55--69},
  year={1998},
  publisher={Springer}
}